<?xml version="1.0" encoding="UTF-8"?><collection xmlns="http://www.loc.gov/MARC21/slim"><record><leader>00380nam--2200169-i-4500</leader><controlfield tag="001">000027754</controlfield><controlfield tag="002">20161230</controlfield><controlfield tag="005">20161230201037</controlfield><controlfield tag="008">060222s1000------------r-----000-0-eng-d</controlfield><datafield ind1=" " ind2=" " tag="040"><subfield code="a">IFIN-HH</subfield></datafield><datafield ind1=" " ind2=" " tag="080"><subfield code="a">539.126</subfield></datafield><datafield ind1="1" ind2=" " tag="100"><subfield code="a">Kriz, J.A</subfield></datafield><datafield ind1="1" ind2="0" tag="245"><subfield code="a">Mesons</subfield><subfield code="c">J.a. kriz</subfield></datafield><datafield ind1=" " ind2=" " tag="260"><subfield code="a">Brno</subfield><subfield code="b">Grafia</subfield><subfield code="c">1970</subfield></datafield><datafield ind1=" " ind2=" " tag="300"><subfield code="a">63P</subfield></datafield><datafield ind1=" " ind2=" " tag="852"><subfield code="a">34304</subfield><subfield code="c">539.12</subfield></datafield><datafield ind1=" " ind2=" " tag="CAT"><subfield code="a">Sys</subfield><subfield code="c">20111121</subfield><subfield code="h">144753</subfield></datafield></record></collection>